%% This BibTeX bibliography file was created using BibDesk.
%% http://bibdesk.sourceforge.net/

%% Created for Kyle Shaffer at 2015-05-03 21:25:58 -0400 


%% Saved with string encoding Unicode (UTF-8) 



@inproceedings{laptev2008learning,
	Author = {Laptev, Ivan and Marszalek, Marcin and Schmid, Cordelia and Rozenfeld, Benjamin},
	Booktitle = {Computer Vision and Pattern Recognition, 2008. CVPR 2008. IEEE Conference on},
	Date-Added = {2015-05-04 01:25:57 +0000},
	Date-Modified = {2015-05-04 01:25:57 +0000},
	Organization = {IEEE},
	Pages = {1--8},
	Title = {Learning realistic human actions from movies},
	Year = {2008}}

@inproceedings{wang2009building,
	Author = {Wang, Gang and Hoiem, Derek and Forsyth, David},
	Booktitle = {Computer Vision and Pattern Recognition, 2009. CVPR 2009. IEEE Conference on},
	Date-Added = {2015-05-04 01:14:42 +0000},
	Date-Modified = {2015-05-04 01:14:42 +0000},
	Organization = {IEEE},
	Pages = {1367--1374},
	Title = {Building text features for object image classification},
	Year = {2009}}
